%YAML 1.1
%TAG !u! tag:unity3d.com,2011:
--- !u!1 &373901336056482438
GameObject:
  m_ObjectHideFlags: 0
  m_CorrespondingSourceObject: {fileID: 0}
  m_PrefabInstance: {fileID: 0}
  m_PrefabAsset: {fileID: 0}
  serializedVersion: 6
  m_Component:
  - component: {fileID: 7381721318589772570}
  - component: {fileID: 6411197064449608195}
  - component: {fileID: 3845171174686059185}
  - component: {fileID: 6647052700029624564}
  m_Layer: 0
  m_Name: BookProjectile
  m_TagString: Untagged
  m_Icon: {fileID: 0}
  m_NavMeshLayer: 0
  m_StaticEditorFlags: 0
  m_IsActive: 1
--- !u!4 &7381721318589772570
Transform:
  m_ObjectHideFlags: 0
  m_CorrespondingSourceObject: {fileID: 0}
  m_PrefabInstance: {fileID: 0}
  m_PrefabAsset: {fileID: 0}
  m_GameObject: {fileID: 373901336056482438}
  m_LocalRotation: {x: 0, y: 0, z: 0, w: 1}
  m_LocalPosition: {x: 0, y: 0.6, z: 0}
  m_LocalScale: {x: 1, y: 1, z: 1}
  m_Children:
  - {fileID: 5215467878384946326}
  m_Father: {fileID: 0}
  m_RootOrder: 0
  m_LocalEulerAnglesHint: {x: 0, y: 0, z: 0}
--- !u!65 &6411197064449608195
BoxCollider:
  m_ObjectHideFlags: 0
  m_CorrespondingSourceObject: {fileID: 0}
  m_PrefabInstance: {fileID: 0}
  m_PrefabAsset: {fileID: 0}
  m_GameObject: {fileID: 373901336056482438}
  m_Material: {fileID: 13400000, guid: fd579ddff4d15964ca29158407893e07, type: 2}
  m_IsTrigger: 0
  m_Enabled: 1
  serializedVersion: 2
  m_Size: {x: 0.3, y: 0.1, z: 0.4}
  m_Center: {x: 0, y: 0, z: 0}
--- !u!54 &3845171174686059185
Rigidbody:
  m_ObjectHideFlags: 0
  m_CorrespondingSourceObject: {fileID: 0}
  m_PrefabInstance: {fileID: 0}
  m_PrefabAsset: {fileID: 0}
  m_GameObject: {fileID: 373901336056482438}
  serializedVersion: 2
  m_Mass: 1
  m_Drag: 0
  m_AngularDrag: 0.05
  m_UseGravity: 1
  m_IsKinematic: 0
  m_Interpolate: 0
  m_Constraints: 0
  m_CollisionDetection: 0
--- !u!114 &6647052700029624564
MonoBehaviour:
  m_ObjectHideFlags: 0
  m_CorrespondingSourceObject: {fileID: 0}
  m_PrefabInstance: {fileID: 0}
  m_PrefabAsset: {fileID: 0}
  m_GameObject: {fileID: 373901336056482438}
  m_Enabled: 1
  m_EditorHideFlags: 0
  m_Script: {fileID: 11500000, guid: 4deea7bc75f7c884eac58215d9e94534, type: 3}
  m_Name: 
  m_EditorClassIdentifier: 
  teacherRage: {fileID: 0}
  hit: {fileID: 0}
--- !u!1001 &1815344285805684858
PrefabInstance:
  m_ObjectHideFlags: 0
  serializedVersion: 2
  m_Modification:
    m_TransformParent: {fileID: 7381721318589772570}
    m_Modifications:
    - target: {fileID: 4957231571477918332, guid: 92d4430c1aabefa4691079bac409cbf9,
        type: 3}
      propertyPath: m_Name
      value: Book_09
      objectReference: {fileID: 0}
    - target: {fileID: 5859313293803644140, guid: 92d4430c1aabefa4691079bac409cbf9,
        type: 3}
      propertyPath: m_RootOrder
      value: 0
      objectReference: {fileID: 0}
    - target: {fileID: 5859313293803644140, guid: 92d4430c1aabefa4691079bac409cbf9,
        type: 3}
      propertyPath: m_LocalScale.x
      value: 1
      objectReference: {fileID: 0}
    - target: {fileID: 5859313293803644140, guid: 92d4430c1aabefa4691079bac409cbf9,
        type: 3}
      propertyPath: m_LocalScale.y
      value: 1
      objectReference: {fileID: 0}
    - target: {fileID: 5859313293803644140, guid: 92d4430c1aabefa4691079bac409cbf9,
        type: 3}
      propertyPath: m_LocalScale.z
      value: 1
      objectReference: {fileID: 0}
    - target: {fileID: 5859313293803644140, guid: 92d4430c1aabefa4691079bac409cbf9,
        type: 3}
      propertyPath: m_LocalPosition.x
      value: 0
      objectReference: {fileID: 0}
    - target: {fileID: 5859313293803644140, guid: 92d4430c1aabefa4691079bac409cbf9,
        type: 3}
      propertyPath: m_LocalPosition.y
      value: 0
      objectReference: {fileID: 0}
    - target: {fileID: 5859313293803644140, guid: 92d4430c1aabefa4691079bac409cbf9,
        type: 3}
      propertyPath: m_LocalPosition.z
      value: 0
      objectReference: {fileID: 0}
    - target: {fileID: 5859313293803644140, guid: 92d4430c1aabefa4691079bac409cbf9,
        type: 3}
      propertyPath: m_LocalRotation.w
      value: 1
      objectReference: {fileID: 0}
    - target: {fileID: 5859313293803644140, guid: 92d4430c1aabefa4691079bac409cbf9,
        type: 3}
      propertyPath: m_LocalRotation.x
      value: 0
      objectReference: {fileID: 0}
    - target: {fileID: 5859313293803644140, guid: 92d4430c1aabefa4691079bac409cbf9,
        type: 3}
      propertyPath: m_LocalRotation.y
      value: -0
      objectReference: {fileID: 0}
    - target: {fileID: 5859313293803644140, guid: 92d4430c1aabefa4691079bac409cbf9,
        type: 3}
      propertyPath: m_LocalRotation.z
      value: -0
      objectReference: {fileID: 0}
    - target: {fileID: 5859313293803644140, guid: 92d4430c1aabefa4691079bac409cbf9,
        type: 3}
      propertyPath: m_LocalEulerAnglesHint.x
      value: 0
      objectReference: {fileID: 0}
    - target: {fileID: 5859313293803644140, guid: 92d4430c1aabefa4691079bac409cbf9,
        type: 3}
      propertyPath: m_LocalEulerAnglesHint.y
      value: 0
      objectReference: {fileID: 0}
    - target: {fileID: 5859313293803644140, guid: 92d4430c1aabefa4691079bac409cbf9,
        type: 3}
      propertyPath: m_LocalEulerAnglesHint.z
      value: 0
      objectReference: {fileID: 0}
    - target: {fileID: 8731530462250995355, guid: 92d4430c1aabefa4691079bac409cbf9,
        type: 3}
      propertyPath: m_Enabled
      value: 0
      objectReference: {fileID: 0}
    m_RemovedComponents: []
  m_SourcePrefab: {fileID: 100100000, guid: 92d4430c1aabefa4691079bac409cbf9, type: 3}
--- !u!4 &5215467878384946326 stripped
Transform:
  m_CorrespondingSourceObject: {fileID: 5859313293803644140, guid: 92d4430c1aabefa4691079bac409cbf9,
    type: 3}
  m_PrefabInstance: {fileID: 1815344285805684858}
  m_PrefabAsset: {fileID: 0}
